@misc{singleton_booth_22,
  doi = {10.48550/ARXIV.2205.00077},
  url = {https://arxiv.org/abs/2205.00077},
  author = {Singleton, Joseph and Booth, Richard},
  keywords = {Artificial Intelligence (cs.AI), FOS: Computer and information sciences, FOS: Computer and information sciences},
  title = {Who's the Expert? On Multi-source Belief Change},
  publisher = {arXiv},
  year = {2022},
  copyright = {Creative Commons Attribution 4.0 International}
}

